@book{frostAtomicDesign2016,
  title = {Atomic Design},
  author = {Frost, Brad},
  date = {2016},
  publisher = {Brad Frost},
  location = {Pittsburgh, Pennsylvania},
  isbn = {978-0-9982966-0-9},
  langid = {english},
  pagetotal = {193}
}

@online{interactiondesignfoundation-ixdfWhatUserInterface2016,
  title = {What Is {{User Interface}} ({{UI}}) {{Design}}?},
  author = {{Interaction Design Foundation - IxDF}},
  date = {2016-06-02},
  url = {https://www.interaction-design.org/literature/topics/ui-design},
  urldate = {2025-02-17},
  langid = {english}
}

@book{nielsenDesigningWebUsability2000,
  title = {Designing {{Web}} Usability},
  author = {Nielsen, Jakob},
  date = {2000},
  publisher = {New Riders},
  location = {Indianapolis, Ind},
  isbn = {978-1-56205-810-4},
  langid = {english},
  pagetotal = {419}
}

@online{nielsenUsability101Introduction2012,
  title = {Usability 101: {{Introduction}} to {{Usability}}},
  author = {Nielsen, Jakob},
  date = {2012-01-03},
  url = {https://www.nngroup.com/articles/usability-101-introduction-to-usability/},
  urldate = {2025-02-17},
  langid = {english}
}

@online{normanDefinitionUserExperience1998,
  title = {The {{Definition}} of {{User Experience}} ({{UX}})},
  author = {Norman, Don and Nielsen, Jakob},
  date = {1998-08-08},
  url = {https://www.nngroup.com/articles/definition-user-experience/},
  urldate = {2025-02-17},
  langid = {english}
}

@book{spiesBrandedInteractionsDigitale2014,
  title = {Branded interactions: digitale Markenerlebnisse planen und gestalten},
  shorttitle = {Branded interactions},
  author = {Spies, Marco},
  date = {2014},
  edition = {2. Aufl},
  publisher = {Schmidt},
  location = {Mainz},
  isbn = {978-3-87439-830-5},
  langid = {german},
  pagetotal = {361},
  file = {/Users/johannesriedmueller/Zotero/storage/JVHQG2FE/Spies - 2014 - Branded interactions digitale Markenerlebnisse planen und gestalten.pdf}
}
